
@article{https://www.crossminer.org/_nodate,
	title = {Last accessed on 30/09/2018},
	author = {{https://www.crossminer.org/}}
}


@article{martin_p.robillard_introduction_2009,
	title = {An introduction to {Recommendation} {Systems} in {Software} {Engineering}},
	shorttitle = {rsse},
	author = {{Martin P.Robillard} and {Robert J. Walker}},
	year = {2009},
	pages = {318--343}
}

@article{martin_p._robillard_what_2009,
	title = {What {Makes} {APIs} {Hard} to {Learn}? {Answers} from {Developers}},
	author = {{Martin P. Robillard}},
	year = {2009}
}

@article{DBLP:journals/ftir/CaiR16,
  author    = {Fei Cai and
               Maarten de Rijke},
  title     = {A Survey of Query Auto Completion in Information Retrieval},
  journal   = {Foundations and Trends in Information Retrieval},
  volume    = {10},
  number    = {4},
  pages     = {273--363},
  year      = {2016},
  url       = {https://doi.org/10.1561/1500000055},
  doi       = {10.1561/1500000055},
  timestamp = {Sat, 27 May 2017 14:22:53 +0200},
  biburl    = {https://dblp.org/rec/bib/journals/ftir/CaiR16},
  bibsource = {dblp computer science bibliography, https://dblp.org}
}



@article{by_christopher_scaffidi_why_2006,
	title = {Why are {APIs} {Difficult} to {Learn} and {Use}?},
	author = {{Christopher Scaffidi}},
	year = {2006}
}

@article{marco_piccioni_empirical_2013,
	address = {ETH Zurich, Switzerland},
	edition = {ESEM},
	title = {An {Empirical} {Study} of {API} {Usability}},
	author = {{Marco Piccioni} and {Carlo A. Furia} and {Bertrand Meyer}},
	year = {2013}
}

@article{chanchal_k._roy_comparison_2009,
	edition = {Science of Computer Programming},
	title = {Comparison and evaluation of code clone detection techniques and tools: {A} qualitative approach},
	url = {www.elsevier.com/locate/scico},
	author = {{Chanchal K. Roy} and {James R. Cordy} and {Rainer Koschke}},
	year = {2009},
	pages = {470--495}
}

@article{stephane_ducasse_effectiveness_2005,
	edition = {JOURNAL OF SOFTWARE MAINTENANCE AND EVOLUTION: RESEARCH AND PRACTICE},
	title = {On the effectiveness of clone detection by string matching},
	author = {{Stephane Ducasse} and {Oscar Nierstrasz} and {Matthias Rieger}},
	year = {2005},
	pages = {37--58}
}

@phdthesis{nils_gode_incremental_2008,
	title = {Incremental {Clone} {Detection}},
	school = {University of Bremen},
	author = {{Nils Gode}},
	year = {2008}
}

@inproceedings{jablonski_cren:_2007,
	address = {New York, NY, USA},
	series = {eclipse '07},
	title = {{CReN}: {A} {Tool} for {Tracking} {Copy}-and-paste {Code} {Clones} and {Renaming} {Identifiers} {Consistently} in the {IDE}},
	isbn = {978-1-60558-015-9},
	url = {http://doi.acm.org/10.1145/1328279.1328283},
	doi = {10.1145/1328279.1328283},
	booktitle = {Proceedings of the 2007 {OOPSLA} {Workshop} on {Eclipse} {Technology} {eXchange}},
	publisher = {ACM},
	author = {Jablonski, Patricia and Hou, Daqing},
	year = {2007},
	keywords = {abstract syntax tree, code clone, consistent renaming, copy-and-paste programming, Eclipse integrated development environment, error detection, intent inference, Java},
	pages = {16--20}
}

@inproceedings{fowkes_parameter-free_2016,
	title = {Parameter-free probabilistic {API} mining across {GitHub}},
	url = {http://doi.acm.org/10.1145/2950290.2950319},
	doi = {10.1145/2950290.2950319},
	booktitle = {Proceedings of the 24th {ACM} {SIGSOFT} {International} {Symposium} on {Foundations} of {Software} {Engineering}, {FSE} 2016, {Seattle}, {WA}, {USA}, {November} 13-18, 2016},
	author = {Fowkes, Jaroslav M. and Sutton, Charles A.},
	year = {2016},
	pages = {254--265}
}

@inproceedings{zhu_mining_2014,
	title = {Mining {API} {Usage} {Examples} from {Test} {Code}},
	url = {https://doi.org/10.1109/ICSME.2014.52},
	doi = {10.1109/ICSME.2014.52},
	booktitle = {30th {IEEE} {International} {Conference} on {Software} {Maintenance} and {Evolution}, {Victoria}, {BC}, {Canada}, {September} 29 - {October} 3, 2014},
	author = {Zhu, Zixiao and Zou, Yanzhen and Xie, Bing and Jin, Yong and Lin, Zeqi and Zhang, Lu},
	year = {2014},
	pages = {301--310}
}

@article{ye_reuse-conducive_2005,
	title = {Reuse-{Conducive} {Development} {Environments}},
	volume = {12},
	url = {https://doi.org/10.1007/s10515-005-6206-x},
	doi = {10.1007/s10515-005-6206-x},
	number = {2},
	journal = {Autom. Softw. Eng.},
	author = {Ye, Yunwen and Fischer, Gerhard},
	year = {2005},
	pages = {199--235}
}

@inproceedings{thung_automatic_2013,
	title = {Automatic recommendation of {API} methods from feature requests},
	url = {https://doi.org/10.1109/ASE.2013.6693088},
	doi = {10.1109/ASE.2013.6693088},
	booktitle = {2013 28th {IEEE}/{ACM} {International} {Conference} on {Automated} {Software} {Engineering}, {ASE} 2013, {Silicon} {Valley}, {CA}, {USA}, {November} 11-15, 2013},
	author = {Thung, Ferdian and Wang, Shaowei and Lo, David and Lawall, Julia L.},
	year = {2013},
	pages = {290--300}
}

@article{niu_api_2017,
	title = {{API} usage pattern recommendation for software development},
	volume = {129},
	url = {https://doi.org/10.1016/j.jss.2016.07.026},
	doi = {10.1016/j.jss.2016.07.026},
	journal = {Journal of Systems and Software},
	author = {Niu, Haoran and Keivanloo, Iman and Zou, Ying},
	year = {2017},
	pages = {127--139}
}

@article{borges_mining_2015,
	title = {Mining usage patterns for the {Android} {API}},
	volume = {1},
	url = {https://doi.org/10.7717/peerj-cs.12},
	doi = {10.7717/peerj-cs.12},
	journal = {PeerJ Computer Science},
	author = {Borges, Hudson S. and Valente, Marco Tulio},
	year = {2015},
	pages = {e12}
}

@inproceedings{buse_synthesizing_2012,
	title = {Synthesizing {API} usage examples},
	url = {https://doi.org/10.1109/ICSE.2012.6227140},
	doi = {10.1109/ICSE.2012.6227140},
	booktitle = {34th {International} {Conference} on {Software} {Engineering}, {ICSE} 2012, {June} 2-9, 2012, {Zurich}, {Switzerland}},
	author = {Buse, Raymond P. L. and Weimer, Westley},
	year = {2012},
	pages = {782--792}
}

@inproceedings{nguyen_api_2016,
	title = {{API} code recommendation using statistical learning from fine-grained changes},
	url = {http://doi.acm.org/10.1145/2950290.2950333},
	doi = {10.1145/2950290.2950333},
	booktitle = {Proceedings of the 24th {ACM} {SIGSOFT} {International} {Symposium} on {Foundations} of {Software} {Engineering}, {FSE} 2016, {Seattle}, {WA}, {USA}, {November} 13-18, 2016},
	author = {Nguyen, Anh Tuan and Hilton, Michael and Codoban, Mihai and Nguyen, Hoan Anh and Mast, Lily and Rademacher, Eli and Nguyen, Tien N. and Dig, Danny},
	year = {2016},
	pages = {511--522}
}

@inproceedings{katirtzis_summarizing_2018,
	title = {Summarizing {Software} {API} {Usage} {Examples} {Using} {Clustering} {Techniques}},
	url = {https://doi.org/10.1007/978-3-319-89363-1_11},
	doi = {10.1007/978-3-319-89363-1_11},
	booktitle = {Fundamental {Approaches} to {Software} {Engineering}, 21st {International} {Conference}, {FASE} 2018, {Held} as {Part} of the {European} {Joint} {Conferences} on {Theory} and {Practice} of {Software}, {ETAPS} 2018, {Thessaloniki}, {Greece}, {April} 14-20, 2018, {Proceedings}.},
	author = {Katirtzis, Nikolaos and Diamantopoulos, Themistoklis and Sutton, Charles A.},
	year = {2018},
	pages = {189--206}
}

@inproceedings{wang_mining_2013,
	title = {Mining succinct and high-coverage {API} usage patterns from source code},
	url = {https://doi.org/10.1109/MSR.2013.6624045},
	doi = {10.1109/MSR.2013.6624045},
	booktitle = {Proceedings of the 10th {Working} {Conference} on {Mining} {Software} {Repositories}, {MSR} '13, {San} {Francisco}, {CA}, {USA}, {May} 18-19, 2013},
	author = {Wang, Jue and Dang, Yingnong and Zhang, Hongyu and Chen, Kai and Xie, Tao and Zhang, Dongmei},
	year = {2013},
	pages = {319--328}
}

@inproceedings{zhong_mapo:_2009,
	title = {{MAPO}: {Mining} and {Recommending} {API} {Usage} {Patterns}},
	url = {https://doi.org/10.1007/978-3-642-03013-0_15},
	doi = {10.1007/978-3-642-03013-0_15},
	booktitle = {{ECOOP} 2009 - {Object}-{Oriented} {Programming}, 23rd {European} {Conference}, {Genoa}, {Italy}, {July} 6-10, 2009. {Proceedings}},
	author = {Zhong, Hao and Xie, Tao and Zhang, Lu and Pei, Jian and Mei, Hong},
	year = {2009},
	pages = {318--343}
}

@inproceedings{montandon_documenting_2013,
	title = {Documenting {APIs} with examples: {Lessons} learned with the {APIMiner} platform},
	url = {https://doi.org/10.1109/WCRE.2013.6671315},
	doi = {10.1109/WCRE.2013.6671315},
	booktitle = {20th {Working} {Conference} on {Reverse} {Engineering}, {WCRE} 2013, {Koblenz}, {Germany}, {October} 14-17, 2013},
	author = {Montandon, Jo√£o Eduardo and Borges, Hudson and Felix, Daniel and Valente, Marco Tulio},
	year = {2013},
	pages = {401--408}
}

@article{https://www.harukizaemon.com/simian/_last_nodate,
	title = {Last accessed on 25/09/2018},
	author = {{https://www.harukizaemon.com/simian/}}
}

@article{https://www.cs.waikato.ac.nz_last_nodate,
	title = {Last accessed 30/09/2018},
	author = {{https://www.cs.waikato.ac.nz}}
}

@article{utor.rascal-mpl.org/_last_nodate,
	title = {Last accessed on 24/09/2018},
	author = {{utor.rascal-mpl.org/}}
}